
@article{Sagar_1992,
	Author = {Sagar, R. P. and Smith, V. H.},
	Title = {{On the calculation of Rys Polynomials and Quadratures.}},
	Journal = {{Int. J. Quantum Chem.}},
	Year = {{1992}},
	Volume = {{42}},
	Pages = {{827-836}},
}

@article{gpuam,
author={{Hern\'andez-Esparza, R. and V\'azquez-Mayagoitia, A. and Soriano-Agueda, L.-A. and Vargas, R. and Garza, J.}},
title={{GPUs as boosters to analyze scalar and vector fields in quantum chemistry}},
journal={{Int. J. Quantum Chem.}},
year={{2018}},
volume={{}},
pages={{doi:10.1002/qua.25671}},
}


@InProceedings{1973_MEP_1,
	author={Scrocco, E. and Tomasi, J.},
	title={{The electrostatic molecular potential as a tool for the interpretation of molecular properties}},
	booktitle={{New Concepts II}},
	year={{1973}},
	publisher={{Springer Berlin Heidelberg}},
	address={{Berlin, Heidelberg}},
	pages={{95-170}},
	isbn={{978-3-540-37729-0}},
}

@Book{Szabo,
  author =       {A. Szabo and N. S. Ostlund},
  title =        {{Modern Quantum Chemistry: Introduction to Advanced Electronic Structure Theory}},
  publisher =    {Dover},
  year =         {1996},
  address =      {New York},
}
